@incollection{bastos2009fish,
  title={Fish school search},
  author={Bastos Filho, Carmelo JA and de Lima Neto, Fernando B and Lins, Anthony JCC and Nascimento, Ant{\^o}nio IS and Lima, Mar{\'\i}lia P},
  booktitle={Nature-inspired algorithms for optimisation},
  pages={261--277},
  year={2009},
  publisher={Springer}
}

@article{amini2013sulley,
  title={Sulley-Pure Python fully automated and unattended fuzzing framework},
  author={Amini, Pedram and Portnoy, Aaron},
  journal={May},
  year={2013}
}

@article{eddington2011peach,
  title={Peach fuzzing platform},
  author={Eddington, Michael},
  journal={Peach Fuzzer},
  pages={34},
  year={2011}
}


@article{godefroid2017learn-fuzzing,
	title={Learn\&fuzz: Machine learning for input fuzzing},
	author={Godefroid, Patrice and Peleg, Hila and Singh, Rishabh},
	journal={arXiv preprint arXiv:1701.07232},
	year={2017}
}

@article{miller1990fuzzingFirst,
	title={An empirical study of the reliability of UNIX utilities},
	author={Miller, Barton P and Fredriksen, Louis and So, Bryan},
	journal={Communications of the ACM},
	volume={33},
	number={12},
	pages={32--44},
	year={1990},
	publisher={ACM}
}

@book{sutton2007fuzzingbook,
	title={Fuzzing: brute force vulnerability discovery},
	author={Sutton, Michael and Greene, Adam and Amini, Pedram},
	year={2007},
	publisher={Pearson Education}
}


@article{fairfuzz,
  title={FairFuzz: Targeting Rare Branches to Rapidly Increase Greybox Fuzz Testing Coverage},
  author={Lemieux, Caroline and Sen, Koushik},
  journal={arXiv preprint arXiv:1709.07101},
  year={2017}
}


@article{chen2018systematic,
  title={A systematic review of fuzzing techniques},
  author={Chen, Chen and Cui, Baojiang and Ma, Jinxin and Wu, Runpu and Guo, Jianchao and Liu, Wenqian},
  journal={Computers \& Security},
  year={2018},
  publisher={Elsevier}
}

@inproceedings{ganesh2009taint-white,
	title={Taint-based directed whitebox fuzzing},
	author={Ganesh, Vijay and Leek, Tim and Rinard, Martin},
	booktitle={Proceedings of the 31st International Conference on Software Engineering},
	pages={474--484},
	year={2009},
	organization={IEEE Computer Society}
}

@inproceedings{wang2010taintscope,
	title={TaintScope: A checksum-aware directed fuzzing tool for automatic software vulnerability detection},
	author={Wang, Tielei and Wei, Tao and Gu, Guofei and Zou, Wei},
	booktitle={Security and privacy (SP), 2010 IEEE symposium on},
	pages={497--512},
	year={2010},
	organization={IEEE}
}


@inproceedings{stephens2016driller,
	title={Driller: Augmenting Fuzzing Through Selective Symbolic Execution.},
	author={Stephens, Nick and Grosen, John and Salls, Christopher and Dutcher, Andrew and Wang, Ruoyu and Corbetta, Jacopo and Shoshitaishvili, Yan and Kruegel, Christopher and Vigna, Giovanni},
	booktitle={NDSS},
	volume={16},
	pages={1--16},
	year={2016}
}

@article{godefroid2012sage,
	title={SAGE: whitebox fuzzing for security testing},
	author={Godefroid, Patrice and Levin, Michael Y and Molnar, David},
	journal={Queue},
	volume={10},
	number={1},
	pages={20},
	year={2012},
	publisher={ACM}
}

@inproceedings{pham2016model-white-box,
	title={Model-based whitebox fuzzing for program binaries},
	author={Pham, Van-Thuan and B{\"o}hme, Marcel and Roychoudhury, Abhik},
	booktitle={Proceedings of the 31st IEEE/ACM International Conference on Automated Software Engineering},
	pages={543--553},
	year={2016},
	organization={ACM}
}



@inproceedings{bohme2016aflfast,
	title={Coverage-based greybox fuzzing as markov chain},
	author={B{\"o}hme, Marcel and Pham, Van-Thuan and Roychoudhury, Abhik},
	booktitle={Proceedings of the 2016 ACM SIGSAC Conference on Computer and Communications Security},
	pages={1032--1043},
	year={2016},
	organization={ACM}
}

@inproceedings{bohme2017aflgo,
  title={Directed greybox fuzzing},
  author={B{\"o}hme, Marcel and Pham, Van-Thuan and Nguyen, Manh-Dung and Roychoudhury, Abhik},
  booktitle={Proceedings of the 2017 ACM SIGSAC Conference on Computer and Communications Security},
  pages={2329--2344},
  year={2017},
  organization={ACM}
}

@inproceedings{li2017steelix,
  title={Steelix: program-state based binary fuzzing},
  author={Li, Yuekang and Chen, Bihuan and Chandramohan, Mahinthan and Lin, Shang-Wei and Liu, Yang and Tiu, Alwen},
  booktitle={Proceedings of the 2017 11th Joint Meeting on Foundations of Software Engineering},
  pages={627--637},
  year={2017},
  organization={ACM}
}

@inproceedings{rawat2017vuzzer,
  title={Vuzzer: Application-aware evolutionary fuzzing},
  author={Rawat, Sanjay and Jain, Vivek and Kumar, Ashish and Cojocar, Lucian and Giuffrida, Cristiano and Bos, Herbert},
  booktitle={Proceedings of the Network and Distributed System Security Symposium (NDSS)},
  year={2017}
}




@article{gorbunov2010autofuzz,
	title={Autofuzz: Automated network protocol fuzzing framework},
	author={Gorbunov, Serge and Rosenbloom, Arnold},
	journal={IJCSNS},
	volume={10},
	number={8},
	pages={239},
	year={2010}
}

@misc{infrastructure2017libfuzzer,
  title={libFuzzer: a library for coverage-guided fuzz testing},
  author={Infrastructure, LLVM Compiler},
  year={2017}
}

@article{swiecki2016honggfuzz,
  title={Honggfuzz},
  author={Swiecki, Robert},
  journal={Available online at: http://code. google. com/p/honggfuzz},
  year={2016}
}

@inproceedings{AFL,
  title={AFL},
  author={http://lcamtuf.coredump.cx/afl/}
}

@inproceedings{lava,
  title={LAVA-M},
  author={http://moyix.blogspot.com/2016/10/the-lava-synthetic-bug-corpora.html}
}


@article{li2018fuzzing,
  title={Fuzzing: a survey},
  author={Li, Jun and Zhao, Bodong and Zhang, Chao},
  journal={Cybersecurity},
  volume={1},
  number={1},
  pages={6},
  year={2018},
  publisher={Springer}
}

@inproceedings{tsankov2012secfuzz,
	title={SECFUZZ: Fuzz-testing security protocols},
	author={Tsankov, Petar and Dashti, Mohammad Torabi and Basin, David},
	booktitle={Automation of Software Test (AST), 2012 7th International Workshop on},
	pages={1--7},
	year={2012},
	organization={IEEE}
}

@inproceedings{gascon2015pulsar,
  title={PULSAR: stateful black-box fuzzing of proprietary network protocols},
  author={Gascon, Hugo and Wressnegger, Christian and Yamaguchi, Fabian and Arp, Daniel and Rieck, Konrad},
  booktitle={International Conference on Security and Privacy in Communication Systems},
  pages={330--347},
  year={2015},
  organization={Springer}
}



@article{roning1999protos,
	title={PROTOS-Security Testing of Protocol Implementations},
	author={Roning, J and others},
	journal={Computer Engineering Laboratory, University of Oulu},
	volume={2003},
	year={1999}
}

@inproceedings{gancollafl,
  title={CollAFL: Path Sensitive Fuzzing},
  author={Gan, Shuitao and Zhang, Chao and Qin, Xiaojun and Tu, Xuwen and Li, Kang and Pei, Zhongyu and Chen, Zuoning},
  booktitle={CollAFL: Path Sensitive Fuzzing},
  pages={0},
  organization={IEEE}
}


@inproceedings{serebryany2012addresssanitizer,
  title={AddressSanitizer: A Fast Address Sanity Checker.},
  author={Serebryany, Konstantin and Bruening, Derek and Potapenko, Alexander and Vyukov, Dmitriy},
  booktitle={USENIX Annual Technical Conference},
  pages={309--318},
  year={2012}
}

@inproceedings{stepanov2015memorysanitizer,
  title={MemorySanitizer: fast detector of uninitialized memory use in C++},
  author={Stepanov, Evgeniy and Serebryany, Konstantin},
  booktitle={Proceedings of the 13th Annual IEEE/ACM International Symposium on Code Generation and Optimization},
  pages={46--55},
  year={2015},
  organization={IEEE Computer Society}
}

@inproceedings{wang2017skyfire,
  title={Skyfire: Data-driven seed generation for fuzzing},
  author={Wang, Junjie and Chen, Bihuan and Wei, Lei and Liu, Yang},
  booktitle={Security and Privacy (SP), 2017 IEEE Symposium on},
  pages={579--594},
  year={2017},
  organization={IEEE}
}

@inproceedings{godefroid2017learn,
  title={Learn\&fuzz: Machine learning for input fuzzing},
  author={Godefroid, Patrice and Peleg, Hila and Singh, Rishabh},
  booktitle={Proceedings of the 32nd IEEE/ACM International Conference on Automated Software Engineering},
  pages={50--59},
  year={2017},
  organization={IEEE Press}
}

@article{nichols2017faster,
  title={Faster Fuzzing: Reinitialization with Deep Neural Models},
  author={Nichols, Nicole and Raugas, Mark and Jasper, Robert and Hilliard, Nathan},
  journal={arXiv preprint arXiv:1711.02807},
  year={2017}
}

@article{lv2018smartseed,
  title={SmartSeed: Smart Seed Generation for Efficient Fuzzing},
  author={Lv, Chenyang and Ji, Shouling and Li, Yuwei and Zhou, Junfeng and Chen, Jianhai and Zhou, Pan and Chen, Jing},
  journal={arXiv preprint arXiv:1807.02606},
  year={2018}
}

@inproceedings{schumilo2017kafl,
  title={kafl: Hardware-assisted feedback fuzzing for OS kernels},
  author={Schumilo, Sergej and Aschermann, Cornelius and Gawlik, Robert and Schinzel, Sebastian and Holz, Thorsten},
  booktitle={Adresse: https://www. usenix. org/system/files/conference/usenixsecurity17/sec17-schumilo. pdf (besucht am 10. 08. 2017)},
  year={2017}
}

@inproceedings{xu2017designing,
  title={Designing New Operating Primitives to Improve Fuzzing Performance},
  author={Xu, Wen and Kashyap, Sanidhya and Min, Changwoo and Kim, Taesoo},
  booktitle={Proceedings of the 2017 ACM SIGSAC Conference on Computer and Communications Security},
  pages={2313--2328},
  year={2017},
  organization={ACM}
}

@inproceedings{petsios2017slowfuzz,
  title={Slowfuzz: Automated domain-independent detection of algorithmic complexity vulnerabilities},
  author={Petsios, Theofilos and Zhao, Jason and Keromytis, Angelos D and Jana, Suman},
  booktitle={Proceedings of the 2017 ACM SIGSAC Conference on Computer and Communications Security},
  pages={2155--2168},
  year={2017},
  organization={ACM}
}

@article{zhang2018ptfuzz,
  title={PTfuzz: Guided Fuzzing with Processor Trace Feedback},
  author={Zhang, Gen and Zhou, Xu and Luo, Yingqi and Wu, Xugang and Min, Erxue},
  journal={IEEE Access},
  year={2018},
  publisher={IEEE}
}

@inproceedings{chen2013angora,
  title={Angora: efficient fuzzing by principled search},
  author={Chen, Peng and Chen, Hao and Zhang, Yuan and Dai, Jiarun and Zhang, Xiaohan and Huang, Sirong and Yang, Zhemin and Yang, Min and Chen, Hao and Han, Weili and others},
  booktitle={IEEE Symposium on Security$\backslash$\& Privacy},
  volume={14},
  pages={117--149},
  year={2013},
  organization={Springer-Verlag New York}
}

@inproceedings{peng2018t,
  title={T-Fuzz: fuzzing by program transformation},
  author={Peng, Hui and Shoshitaishvili, Yan and Payer, Mathias},
  booktitle={2018 IEEE Symposium on Security and Privacy (SP)},
  pages={697--710},
  year={2018},
  organization={IEEE}
}

@inproceedings{lin2008convicting,
  title={Convicting exploitable software vulnerabilities: An efficient input provenance based approach},
  author={Lin, Zhiqiang and Zhang, Xiangyu and Xu, Dongyan},
  booktitle={Dependable Systems and Networks With FTCS and DCC, 2008. DSN 2008. IEEE International Conference on},
  pages={247--256},
  year={2008},
  organization={IEEE}
}


@article{rajpal2017not,
  title={Not all bytes are equal: Neural byte sieve for fuzzing},
  author={Rajpal, Mohit and Blum, William and Singh, Rishabh},
  journal={arXiv preprint arXiv:1711.04596},
  year={2017}
}

@inproceedings{lee2015type,
  title={Type Casting Verification: Stopping an Emerging Attack Vector.},
  author={Lee, Byoungyoung and Song, Chengyu and Kim, Taesoo and Lee, Wenke},
  booktitle={USENIX Security Symposium},
  pages={81--96},
  year={2015}
}

@inproceedings{DataFlowSanitizer,
  title={https://clang.llvm.org/docs/DataFlowSanitizer.html},
  author={DataFlowSanitizer},
  year={2018}
}

@inproceedings{serebryany2009threadsanitizer,
  title={ThreadSanitizer: data race detection in practice},
  author={Serebryany, Konstantin and Iskhodzhanov, Timur},
  booktitle={Proceedings of the workshop on binary instrumentation and applications},
  pages={62--71},
  year={2009},
  organization={ACM}
}

@article{ferrante2014coupon,
  title={The coupon collector’s problem},
  author={Ferrante, Marco and Saltalamacchia, Monica},
  journal={Materials matem{\`a}tics},
  pages={0001--35},
  year={2014}
}

@article{chen2018angora,
  title={Angora: Efficient Fuzzing by Principled Search},
  author={Chen, Peng and Chen, Hao},
  journal={arXiv preprint arXiv:1803.01307},
  year={2018}
}

@inproceedings{lemieux2018perffuzz,
  title={PerfFuzz: automatically generating pathological inputs},
  author={Lemieux, Caroline and Padhye, Rohan and Sen, Koushik and Song, Dawn},
  booktitle={Proceedings of the 27th ACM SIGSOFT International Symposium on Software Testing and Analysis},
  pages={254--265},
  year={2018},
  organization={ACM}
}

@inproceedings{bugs,
  title={bugs},
  author={https://sites.google.com/view/tafl/vulnerabilities}
}

@inproceedings{pass,
  title={Writing An LLVM Pass},
  author={http://llvm.org/docs/WritingAnLLVMPass.html}
}

@inproceedings{googleossfuzzing,
  title={Google Oss Fuzzing},
  author={https://testing.googleblog.com/2016/12/announcing-oss-fuzz-continuous-fuzzing.html},
  year = {2016}
}
@inproceedings{microfuzzing,
  title={Microsoft Security Risk Detection},
  author={https://www.microsoft.com/en-us/security-risk-detection/},
  year = {2016}
}







